
    <marc:record>
        <marc:leader>00766cam a2200265 i 4500</marc:leader>
        <marc:controlfield tag="001">19102515</marc:controlfield>
        <marc:controlfield tag="005">20160520143654.0</marc:controlfield>
        <marc:controlfield tag="008">160520s2013    no            000 f nor  </marc:controlfield>
        <marc:datafield tag="010" ind1=" " ind2=" ">
            <marc:subfield code="a">  2015298218</marc:subfield>
        </marc:datafield>
        <marc:datafield tag="020" ind1=" " ind2=" ">
            <marc:subfield code="a">9788202421373</marc:subfield>
        </marc:datafield>
        <marc:datafield tag="020" ind1=" " ind2=" ">
            <marc:subfield code="a">9788252582130</marc:subfield>
            <marc:subfield code="z">(Bokklubben)</marc:subfield>
        </marc:datafield>
        <marc:datafield tag="020" ind1=" " ind2=" ">
            <marc:subfield code="a">8252582133</marc:subfield>
        </marc:datafield>
        <marc:datafield tag="020" ind1=" " ind2=" ">
            <marc:subfield code="a">8202421373</marc:subfield>
        </marc:datafield>
        <marc:datafield tag="040" ind1=" " ind2=" ">
            <marc:subfield code="a">DLC</marc:subfield>
            <marc:subfield code="b">eng</marc:subfield>
            <marc:subfield code="c">DLC</marc:subfield>
            <marc:subfield code="e">rda</marc:subfield>
        </marc:datafield>
        <marc:datafield tag="042" ind1=" " ind2=" ">
            <marc:subfield code="a">pcc</marc:subfield>
        </marc:datafield>
        <marc:datafield tag="050" ind1="0" ind2="0">
            <marc:subfield code="a">PT8951.16.O735</marc:subfield>
            <marc:subfield code="b">C37 2013</marc:subfield>
        </marc:datafield>
        <marc:datafield tag="100" ind1="1" ind2=" ">
            <marc:subfield code="a">Fossum, Karin,</marc:subfield>
            <marc:subfield code="d">1954-</marc:subfield>
            <marc:subfield code="e">author.</marc:subfield>
        </marc:datafield>
        <marc:datafield tag="245" ind1="1" ind2="0">
            <marc:subfield code="a">Carmen Zita og døden :</marc:subfield>
            <marc:subfield code="b">roman /</marc:subfield>
            <marc:subfield code="c">Karin Fossum.</marc:subfield>
        </marc:datafield>
        <marc:datafield tag="250" ind1=" " ind2=" ">
            <marc:subfield code="a">1. utgave, 2. opplag.</marc:subfield>
        </marc:datafield>
        <marc:datafield tag="264" ind1=" " ind2="1">
            <marc:subfield code="a">Oslo :</marc:subfield>
            <marc:subfield code="b">Cappelen Damm,</marc:subfield>
            <marc:subfield code="c">[2013]</marc:subfield>
        </marc:datafield>
        <marc:datafield tag="300" ind1=" " ind2=" ">
            <marc:subfield code="a">217 pages ;</marc:subfield>
            <marc:subfield code="c">21 cm</marc:subfield>
        </marc:datafield>
        <marc:datafield tag="336" ind1=" " ind2=" ">
            <marc:subfield code="a">text</marc:subfield>
            <marc:subfield code="2">rdacontent</marc:subfield>
        </marc:datafield>
        <marc:datafield tag="337" ind1=" " ind2=" ">
            <marc:subfield code="a">unmediated</marc:subfield>
            <marc:subfield code="2">rdamedia</marc:subfield>
        </marc:datafield>
        <marc:datafield tag="338" ind1=" " ind2=" ">
            <marc:subfield code="a">volume</marc:subfield>
            <marc:subfield code="2">rdacarrier</marc:subfield>
        </marc:datafield>
        <marc:datafield tag="650" ind1=" " ind2="0">
            <marc:subfield code="a">Murder</marc:subfield>
            <marc:subfield code="x">Investigation</marc:subfield>
            <marc:subfield code="v">Fiction.</marc:subfield>
        </marc:datafield>
    </marc:record>