
    <marc:record>
        <marc:leader>02198cam a2200325 i 4500</marc:leader>
        <marc:controlfield tag="001">18589810</marc:controlfield>
        <marc:controlfield tag="005">20160520143841.0</marc:controlfield>
        <marc:controlfield tag="008">150424s2015    mau           000 1 eng  </marc:controlfield>
        <marc:datafield tag="010" ind1=" " ind2=" ">
            <marc:subfield code="a">  2015015904</marc:subfield>
        </marc:datafield>
        <marc:datafield tag="020" ind1=" " ind2=" ">
            <marc:subfield code="a">9780544483965 (cloth)</marc:subfield>
        </marc:datafield>
        <marc:datafield tag="020" ind1=" " ind2=" ">
            <marc:subfield code="a">9780544704848 (paperback)</marc:subfield>
        </marc:datafield>
        <marc:datafield tag="020" ind1=" " ind2=" ">
            <marc:subfield code="z">9780544433557 (ebook)</marc:subfield>
        </marc:datafield>
        <marc:datafield tag="040" ind1=" " ind2=" ">
            <marc:subfield code="a">DLC</marc:subfield>
            <marc:subfield code="b">eng</marc:subfield>
            <marc:subfield code="c">DLC</marc:subfield>
            <marc:subfield code="e">rda</marc:subfield>
            <marc:subfield code="d">DLC</marc:subfield>
        </marc:datafield>
        <marc:datafield tag="041" ind1="1" ind2=" ">
            <marc:subfield code="a">eng</marc:subfield>
            <marc:subfield code="h">nor</marc:subfield>
        </marc:datafield>
        <marc:datafield tag="042" ind1=" " ind2=" ">
            <marc:subfield code="a">pcc</marc:subfield>
        </marc:datafield>
        <marc:datafield tag="050" ind1="0" ind2="0">
            <marc:subfield code="a">PT8951.16.O735</marc:subfield>
            <marc:subfield code="b">C3713 2015</marc:subfield>
        </marc:datafield>
        <marc:datafield tag="082" ind1="0" ind2="0">
            <marc:subfield code="a">839.823/8</marc:subfield>
            <marc:subfield code="2">23</marc:subfield>
        </marc:datafield>
        <marc:datafield tag="084" ind1=" " ind2=" ">
            <marc:subfield code="a">FIC022020</marc:subfield>
            <marc:subfield code="2">bisacsh</marc:subfield>
        </marc:datafield>
        <marc:datafield tag="100" ind1="1" ind2=" ">
            <marc:subfield code="a">Fossum, Karin,</marc:subfield>
            <marc:subfield code="d">1954-</marc:subfield>
            <marc:subfield code="e">author.</marc:subfield>
        </marc:datafield>
        <marc:datafield tag="240" ind1="1" ind2="0">
            <marc:subfield code="a">Carmen Zita og døden.</marc:subfield>
            <marc:subfield code="l">English</marc:subfield>
        </marc:datafield>
        <marc:datafield tag="245" ind1="1" ind2="4">
            <marc:subfield code="a">The drowned boy /</marc:subfield>
            <marc:subfield code="c">Karin Fossum ; translated from the Norwegian by Kari Dickson.</marc:subfield>
        </marc:datafield>
        <marc:datafield tag="264" ind1=" " ind2="1">
            <marc:subfield code="a">Boston :</marc:subfield>
            <marc:subfield code="b">Houghton Mifflin Harcourt,</marc:subfield>
            <marc:subfield code="c">2015.</marc:subfield>
        </marc:datafield>
        <marc:datafield tag="300" ind1=" " ind2=" ">
            <marc:subfield code="a">ix, 223 pages ;</marc:subfield>
            <marc:subfield code="c">24 cm</marc:subfield>
        </marc:datafield>
        <marc:datafield tag="336" ind1=" " ind2=" ">
            <marc:subfield code="a">text</marc:subfield>
            <marc:subfield code="2">rdacontent</marc:subfield>
        </marc:datafield>
        <marc:datafield tag="337" ind1=" " ind2=" ">
            <marc:subfield code="a">unmediated</marc:subfield>
            <marc:subfield code="2">rdamedia</marc:subfield>
        </marc:datafield>
        <marc:datafield tag="338" ind1=" " ind2=" ">
            <marc:subfield code="a">volume</marc:subfield>
            <marc:subfield code="2">rdacarrier</marc:subfield>
        </marc:datafield>
        <marc:datafield tag="520" ind1=" " ind2=" ">
            <marc:subfield code="a">&quot;A new addition to the captivating Inspector Sejer series, the first since The Caller, from Norway's finest crime writer   Carmen and Nicolai failed to resuscitate their son, Tommy, after finding him floating in their backyard pond. When Inspector Skarre arrives on the scene, Carmen reports that Tommy, a healthy toddler with Down syndrome, wandered into the garden while Nicolai was working in the basement and she was cleaning the house. Skarre senses something is off with Carmen's story and consults his trusted colleague, the famed Inspector Sejer. An autopsy reveals Tommy's lungs to be full of soap.  When Sejer and Skarre revisit the couple, Carmen, an epileptic, changes her story, confessing that she'd been knocked unconscious by a seizure while bathing Tommy. When she came to, she found him drowned in the tub and, horrified and frightened, threw him into the pond.  But Skarre and Sejer's doubt is not appeased and the case is reopened. What more could Carmen be hiding? And what lengths will she take to cover her guilt? As Carmen's own family starts to doubt her, Skarre and Sejer work to find the truth.&quot;--</marc:subfield>
            <marc:subfield code="c">Provided by publisher.</marc:subfield>
        </marc:datafield>
        <marc:datafield tag="650" ind1=" " ind2="0">
            <marc:subfield code="a">Murder</marc:subfield>
            <marc:subfield code="x">Investigation</marc:subfield>
            <marc:subfield code="v">Fiction.</marc:subfield>
        </marc:datafield>
        <marc:datafield tag="650" ind1=" " ind2="7">
            <marc:subfield code="a">FICTION / Mystery &amp; Detective / Police Procedural.</marc:subfield>
            <marc:subfield code="2">bisacsh</marc:subfield>
        </marc:datafield>
        <marc:datafield tag="700" ind1="1" ind2=" ">
            <marc:subfield code="a">Dickson, Kari,</marc:subfield>
            <marc:subfield code="e">translator.</marc:subfield>
        </marc:datafield>
    </marc:record>