
    <marc:record>
        <marc:leader>02243cam a22003734a 4500</marc:leader>
        <marc:controlfield tag="001">14180538</marc:controlfield>
        <marc:controlfield tag="005">20180821150922.0</marc:controlfield>
        <marc:controlfield tag="008">051125r20062004flu           000 1 eng  </marc:controlfield>
        <marc:datafield tag="010" ind1=" " ind2=" ">
            <marc:subfield code="a">  2005034641</marc:subfield>
        </marc:datafield>
        <marc:datafield tag="020" ind1=" " ind2=" ">
            <marc:subfield code="a">0151011885</marc:subfield>
        </marc:datafield>
        <marc:datafield tag="020" ind1=" " ind2=" ">
            <marc:subfield code="a">9780151011889</marc:subfield>
        </marc:datafield>
        <marc:datafield tag="035" ind1=" " ind2=" ">
            <marc:subfield code="a">(OCoLC)ocm62342820</marc:subfield>
        </marc:datafield>
        <marc:datafield tag="040" ind1=" " ind2=" ">
            <marc:subfield code="a">DLC</marc:subfield>
            <marc:subfield code="c">DLC</marc:subfield>
            <marc:subfield code="d">BAKER</marc:subfield>
            <marc:subfield code="d">C#P</marc:subfield>
            <marc:subfield code="d">BUR</marc:subfield>
            <marc:subfield code="d">WIQ</marc:subfield>
            <marc:subfield code="d">DLC</marc:subfield>
        </marc:datafield>
        <marc:datafield tag="041" ind1="1" ind2=" ">
            <marc:subfield code="a">eng</marc:subfield>
            <marc:subfield code="h">nor</marc:subfield>
        </marc:datafield>
        <marc:datafield tag="042" ind1=" " ind2=" ">
            <marc:subfield code="a">pcc</marc:subfield>
        </marc:datafield>
        <marc:datafield tag="050" ind1="0" ind2="0">
            <marc:subfield code="a">PT8951.16.O735</marc:subfield>
            <marc:subfield code="b">D5413 2006</marc:subfield>
        </marc:datafield>
        <marc:datafield tag="082" ind1="0" ind2="0">
            <marc:subfield code="a">839.8/238</marc:subfield>
            <marc:subfield code="2">22</marc:subfield>
        </marc:datafield>
        <marc:datafield tag="100" ind1="1" ind2=" ">
            <marc:subfield code="a">Fossum, Karin,</marc:subfield>
            <marc:subfield code="d">1954-</marc:subfield>
        </marc:datafield>
        <marc:datafield tag="240" ind1="1" ind2="0">
            <marc:subfield code="a">Djevelen holder lyset.</marc:subfield>
            <marc:subfield code="l">English</marc:subfield>
        </marc:datafield>
        <marc:datafield tag="245" ind1="1" ind2="0">
            <marc:subfield code="a">When the devil holds the candle /</marc:subfield>
            <marc:subfield code="c">Karin Fossum ; translated from the Norwegian by Felicity David.</marc:subfield>
        </marc:datafield>
        <marc:datafield tag="250" ind1=" " ind2=" ">
            <marc:subfield code="a">1st U.S. ed.</marc:subfield>
        </marc:datafield>
        <marc:datafield tag="260" ind1=" " ind2=" ">
            <marc:subfield code="a">Orlando :</marc:subfield>
            <marc:subfield code="b">Harcourt, Inc.,</marc:subfield>
            <marc:subfield code="c">[2006]</marc:subfield>
        </marc:datafield>
        <marc:datafield tag="300" ind1=" " ind2=" ">
            <marc:subfield code="a">259 p. ;</marc:subfield>
            <marc:subfield code="c">24 cm.</marc:subfield>
        </marc:datafield>
        <marc:datafield tag="500" ind1=" " ind2=" ">
            <marc:subfield code="a">&quot;First published in English by the Harvil Press in Great Britain, 2004&quot;--T.p. verso.</marc:subfield>
        </marc:datafield>
        <marc:datafield tag="520" ind1=" " ind2=" ">
            <marc:subfield code="a">When the theft of a purse from a stroller results in an infant's death, two teenagers are in trouble. Unaware of the enormity of their crime, Zipp and Andreas are intent on committing still another. They follow an elderly woman home, and Andreas enters her house with his ever-reliable switchblade. Motionless in the dark, Zipp waits for his friend to come out. Inspector Konrad Sejer and his colleague Jacob Skarre see no connection between the infant's death and the reported disappearance of a local delinquent. While confusion mounts in the world outside, the chilling, heart-stopping truth unfolds inside the old woman's home. Unflappable as ever, Sejer digs below the surface of small-town tranquillity in an effort to understand how and why violence destroys everyday lives.--From publisher description.</marc:subfield>
        </marc:datafield>
        <marc:datafield tag="600" ind1="1" ind2="0">
            <marc:subfield code="a">Sejer, Konrad</marc:subfield>
            <marc:subfield code="c">(Fictitious character)</marc:subfield>
            <marc:subfield code="v">Fiction.</marc:subfield>
        </marc:datafield>
        <marc:datafield tag="650" ind1=" " ind2="0">
            <marc:subfield code="a">Police</marc:subfield>
            <marc:subfield code="z">Norway</marc:subfield>
            <marc:subfield code="v">Fiction.</marc:subfield>
        </marc:datafield>
        <marc:datafield tag="650" ind1=" " ind2="0">
            <marc:subfield code="a">Murder</marc:subfield>
            <marc:subfield code="x">Investigation</marc:subfield>
            <marc:subfield code="z">Norway</marc:subfield>
            <marc:subfield code="v">Fiction.</marc:subfield>
        </marc:datafield>
        <marc:datafield tag="651" ind1=" " ind2="0">
            <marc:subfield code="a">Norway</marc:subfield>
            <marc:subfield code="v">Fiction.</marc:subfield>
        </marc:datafield>
        <marc:datafield tag="655" ind1=" " ind2="7">
            <marc:subfield code="a">Mystery fiction.</marc:subfield>
            <marc:subfield code="2">gsafd</marc:subfield>
        </marc:datafield>
        <marc:datafield tag="700" ind1="1" ind2=" ">
            <marc:subfield code="a">David, Felicity.</marc:subfield>
        </marc:datafield>
        <marc:datafield tag="856" ind1="4" ind2="2">
            <marc:subfield code="3">Contributor biographical information</marc:subfield>
            <marc:subfield code="u">http://www.loc.gov/catdir/enhancements/fy0623/2005034641-b.html</marc:subfield>
        </marc:datafield>
        <marc:datafield tag="856" ind1="4" ind2="2">
            <marc:subfield code="3">Publisher description</marc:subfield>
            <marc:subfield code="u">http://www.loc.gov/catdir/enhancements/fy0623/2005034641-d.html</marc:subfield>
        </marc:datafield>
        <marc:datafield tag="856" ind1="4" ind2="1">
            <marc:subfield code="3">Sample text</marc:subfield>
            <marc:subfield code="u">http://www.loc.gov/catdir/enhancements/fy0642/2005034641-s.html</marc:subfield>
        </marc:datafield>
    </marc:record>